@article{Silla:2011:SHC:1937796.1937884,
 author = {Silla,Jr., Carlos N. and Freitas, Alex A.},
 title = {A Survey of Hierarchical Classification Across Different Application Domains},
 journal = {Data Min. Knowl. Discov.},
 issue_date = {January   2011},
 volume = {22},
 number = {1-2},
 month = jan,
 year = {2011},
 issn = {1384-5810},
 pages = {31--72},
 numpages = {42},
 url = {http://dx.doi.org/10.1007/s10618-010-0175-9},
 doi = {10.1007/s10618-010-0175-9},
 acmid = {1937884},
 publisher = {Kluwer Academic Publishers},
 address = {Hingham, MA, USA},
 keywords = {DAG-structured class hierarchies, Hierarchical classification, Tree-structured class hierarchies},
}

@inproceedings{Koller:1997:HCD:645526.657130,
 author = {Koller, Daphne and Sahami, Mehran},
 title = {Hierarchically Classifying Documents Using Very Few Words},
 booktitle = {Proceedings of the Fourteenth International Conference on Machine Learning},
 series = {ICML '97},
 year = {1997},
 isbn = {1-55860-486-3},
 pages = {170--178},
 numpages = {9},
 url = {http://dl.acm.org/citation.cfm?id=645526.657130},
 acmid = {657130},
 publisher = {Morgan Kaufmann Publishers Inc.},
 address = {San Francisco, CA, USA},
}

@inproceedings{kurata-etal-2016-improved,
    title = "Improved Neural Network-based Multi-label Classification with Better Initialization Leveraging Label Co-occurrence",
    author = "Kurata, Gakuto  and
      Xiang, Bing  and
      Zhou, Bowen",
    booktitle = "Proceedings of the 2016 Conference of the North {A}merican Chapter of the Association for Computational Linguistics: Human Language Technologies",
    month = jun,
    year = "2016",
    address = "San Diego, California",
    publisher = "Association for Computational Linguistics",
    url = "https://www.aclweb.org/anthology/N16-1063",
    doi = "10.18653/v1/N16-1063",
    pages = "521--526",
}


@book{Bird:2009:NLP:1717171,
 author = {Bird, Steven and Klein, Ewan and Loper, Edward},
 title = {Natural Language Processing with Python},
 year = {2009},
 isbn = {0596516495, 9780596516499},
 edition = {1st},
 publisher = {O'Reilly Media, Inc.},
}

@article{Pedregosa:2011:SML:1953048.2078195,
 author = {Pedregosa, Fabian and Varoquaux, Ga\"{e}l and Gramfort, Alexandre and Michel, Vincent and Thirion, Bertrand and Grisel, Olivier and Blondel, Mathieu and Prettenhofer, Peter and Weiss, Ron and Dubourg, Vincent and Vanderplas, Jake and Passos, Alexandre and Cournapeau, David and Brucher, Matthieu and Perrot, Matthieu and Duchesnay, \'{E}douard},
 title = {Scikit-learn: Machine Learning in Python},
 journal = {J. Mach. Learn. Res.},
 issue_date = {2/1/2011},
 volume = {12},
 month = nov,
 year = {2011},
 issn = {1532-4435},
 pages = {2825--2830},
 numpages = {6},
 url = {http://dl.acm.org/citation.cfm?id=1953048.2078195},
 acmid = {2078195},
 publisher = {JMLR.org},
}

@inproceedings{kim-2014-convolutional,
    title = "Convolutional Neural Networks for Sentence Classification",
    author = "Kim, Yoon",
    booktitle = "Proceedings of the 2014 Conference on Empirical Methods in Natural Language Processing ({EMNLP})",
    month = oct,
    year = "2014",
    address = "Doha, Qatar",
    publisher = "Association for Computational Linguistics",
    url = "https://www.aclweb.org/anthology/D14-1181",
    doi = "10.3115/v1/D14-1181",
    pages = "1746--1751",
}

@article{bojanowski-etal-2017-enriching,
    title = "Enriching Word Vectors with Subword Information",
    author = "Bojanowski, Piotr  and
      Grave, Edouard  and
      Joulin, Armand  and
      Mikolov, Tomas",
    journal = "Transactions of the Association for Computational Linguistics",
    volume = "5",
    year = "2017",
    url = "https://www.aclweb.org/anthology/Q17-1010",
    doi = "10.1162/tacl_a_00051",
    pages = "135--146",
}

@article{journals/corr/KingmaB14,
  added-at = {2017-05-26T17:33:20.000+0200},
  author = {Kingma, Diederik P. and Ba, Jimmy},
  biburl = {https://www.bibsonomy.org/bibtex/23b0328784dbfce338ba0dd2618a7a059/leonie.reichert},
  ee = {http://arxiv.org/abs/1412.6980},
  interhash = {57d2ac873f398f21bb94790081e80394},
  intrahash = {3b0328784dbfce338ba0dd2618a7a059},
  journal = {CoRR},
  keywords = {final thema:draw},
  timestamp = {2017-06-22T12:45:55.000+0200},
  title = {Adam: A Method for Stochastic Optimization.},
  url = {http://dblp.uni-trier.de/db/journals/corr/corr1412.html#KingmaB14},
  volume = {abs/1412.6980},
  year = 2014
}

@inproceedings{yang-etal-2016-hierarchical,
    title = "Hierarchical Attention Networks for Document Classification",
    author = "Yang, Zichao  and
      Yang, Diyi  and
      Dyer, Chris  and
      He, Xiaodong  and
      Smola, Alex  and
      Hovy, Eduard",
    booktitle = "Proceedings of the 2016 Conference of the North {A}merican Chapter of the Association for Computational Linguistics: Human Language Technologies",
    month = jun,
    year = "2016",
    address = "San Diego, California",
    publisher = "Association for Computational Linguistics",
    url = "https://www.aclweb.org/anthology/N16-1174",
    doi = "10.18653/v1/N16-1174",
    pages = "1480--1489",
}


@inproceedings{joulin-etal-2017-bag,
    title = "Bag of Tricks for Efficient Text Classification",
    author = "Joulin, Armand  and
      Grave, Edouard  and
      Bojanowski, Piotr  and
      Mikolov, Tomas",
    booktitle = "Proceedings of the 15th Conference of the {E}uropean Chapter of the Association for Computational Linguistics: Volume 2, Short Papers",
    month = apr,
    year = "2017",
    address = "Valencia, Spain",
    publisher = "Association for Computational Linguistics",
    url = "https://www.aclweb.org/anthology/E17-2068",
    pages = "427--431",
    abstract = "This paper explores a simple and efficient baseline for text classification. Our experiments show that our fast text classifier fastText is often on par with deep learning classifiers in terms of accuracy, and many orders of magnitude faster for training and evaluation. We can train fastText on more than one billion words in less than ten minutes using a standard multicore CPU, and classify half a million sentences among 312K classes in less than a minute.",
}


@article{Hochreiter:1997:LSM:1246443.1246450,
 author = {Hochreiter, Sepp and Schmidhuber, J\"{u}rgen},
 title = {Long Short-Term Memory},
 journal = {Neural Comput.},
 issue_date = {November 15, 1997},
 volume = {9},
 number = {8},
 month = nov,
 year = {1997},
 issn = {0899-7667},
 pages = {1735--1780},
 numpages = {46},
 url = {http://dx.doi.org/10.1162/neco.1997.9.8.1735},
 doi = {10.1162/neco.1997.9.8.1735},
 acmid = {1246450},
 publisher = {MIT Press},
 address = {Cambridge, MA, USA},
}

@article{PartalasKBAPGAA15,
  author    = {Ioannis Partalas and
               Aris Kosmopoulos and
               Nicolas Baskiotis and
               Thierry Arti{\`{e}}res and
               George Paliouras and
               {\'{E}}ric Gaussier and
               Ion Androutsopoulos and
               Massih{-}Reza Amini and
               Patrick Gallinari},
  title     = {{LSHTC:} {A} Benchmark for Large-Scale Text Classification},
  journal   = {CoRR},
  volume    = {abs/1503.08581},
  year      = {2015}
}

@article{Lewis:2004:RNB:1005332.1005345,
 author = {Lewis, David D. and Yang, Yiming and Rose, Tony G. and Li, Fan},
 title = {RCV1: A New Benchmark Collection for Text Categorization Research},
 journal = {J. Mach. Learn. Res.},
 issue_date = {12/1/2004},
 volume = {5},
 month = dec,
 year = {2004},
 issn = {1532-4435},
 pages = {361--397},
 numpages = {37},
 url = {http://www.jmlr.org/papers/volume5/lewis04a/lewis04a.pdf},
 acmid = {1005345},
 publisher = {JMLR.org},
}


@article{lipscomb2000medical,
  title={Medical subject headings (MeSH)},
  author={Lipscomb, Carolyn E},
  journal={Bulletin of the Medical Library Association},
  volume={88},
  number={3},
  pages={265},
  year={2000},
  publisher={Medical Library Association}
}

@inproceedings{baker-korhonen-2017-initializing,
    title = "Initializing neural networks for hierarchical multi-label text classification",
    author = "Baker, Simon  and Korhonen, Anna",
    booktitle = "{B}io{NLP} 2017",
    month = aug,
    year = "2017",
    address = "Vancouver, Canada,",
    publisher = "Association for Computational Linguistics",
    url = "https://www.aclweb.org/anthology/W17-2339",
    doi = "10.18653/v1/W17-2339",
    pages = "307--315",
}

@inproceedings{Wehrmann:2017:HMC:3019612.3019664,
 author = {Wehrmann, J\^{o}natas and Barros, Rodrigo C. and D\^{o}res, Silvia N. das and Cerri, Ricardo},
 title = {Hierarchical Multi-label Classification with Chained Neural Networks},
 booktitle = {Proceedings of the Symposium on Applied Computing},
 series = {SAC '17},
 year = {2017},
 isbn = {978-1-4503-4486-9},
 location = {Marrakech, Morocco},
 pages = {790--795},
 numpages = {6},
 url = {http://doi.acm.org/10.1145/3019612.3019664},
 doi = {10.1145/3019612.3019664},
 acmid = {3019664},
 publisher = {ACM},
 address = {New York, NY, USA},
 keywords = {hierarchical multi-label classification, neural networks, protein function prediction},
}

@inproceedings{KowsariBHMGB17,
  added-at = {2018-11-14T00:00:00.000+0100},
  author = {Kowsari, Kamran and Brown, Donald E. and Heidarysafa, Mojtaba and Meimandi, Kiana Jafari and Gerber, Matthew S. and Barnes, Laura E.},
  biburl = {https://www.bibsonomy.org/bibtex/2672fd35b3ff78487ad16e25b573172e4/dblp},
  booktitle = {ICMLA},
  crossref = {conf/icmla/2017},
  editor = {Chen, Xuewen and Luo, Bo and Luo, Feng and Palade, Vasile and Wani, M. Arif},
  ee = {https://www.wikidata.org/entity/Q56594409},
  interhash = {905b95ff17a3f1b7489cbc8c60ae6993},
  intrahash = {672fd35b3ff78487ad16e25b573172e4},
  isbn = {978-1-5386-1418-1},
  keywords = {dblp},
  pages = {364-371},
  publisher = {IEEE},
  timestamp = {2018-11-15T16:20:50.000+0100},
  title = {HDLTex: Hierarchical Deep Learning for Text Classification.},
  url = {http://dblp.uni-trier.de/db/conf/icmla/icmla2017.html#KowsariBHMGB17},
  year = 2017
}

