@article{Silla:2011:SHC:1937796.1937884,
 author = {Silla,Jr., Carlos N. and Freitas, Alex A.},
 title = {A Survey of Hierarchical Classification Across Different Application Domains},
 journal = {Data Min. Knowl. Discov.},
 issue_date = {January   2011},
 volume = {22},
 number = {1-2},
 month = jan,
 year = {2011},
 issn = {1384-5810},
 pages = {31--72},
 numpages = {42},
 url = {http://dx.doi.org/10.1007/s10618-010-0175-9},
 doi = {10.1007/s10618-010-0175-9},
 acmid = {1937884},
 publisher = {Kluwer Academic Publishers},
 address = {Hingham, MA, USA},
 keywords = {DAG-structured class hierarchies, Hierarchical classification, Tree-structured class hierarchies},
}
[download]